@article{Brower_2014,
  doi = {10.1080/14772000.2014.899650},
  url = {http://dx.doi.org/10.1080/14772000.2014.899650},
  year = {2014},
  month = {mar},
  publisher = {Informa {UK} Limited},
  volume = {12},
  number = {2},
  pages = {133--147},
  author = {Andrew V. Z. Brower and Keith R. Willmott and Karina L. Silva-Brand{\~{a}}o and Ivonne J. Garz{\'{o}}n-Ordu{\~{n}}a and Andr{\'{e}} V. L. Freitas},
  title = {{Phylogenetic relationships of ithomiine butterflies (Lepidoptera: Nymphalidae: Danainae) as implied by combined morphological and molecular data}},
  journal = {Systematics and Biodiversity},
}


@article{Willmott_2004,
  doi = {10.1098/rsbl.2004.0184},
  url = {http://dx.doi.org/10.1098/rsbl.2004.0184},
  year = {2004},
  month = {aug},
  publisher = {The Royal Society},
  volume = {271},
  number = {Suppl{\_}5},
  pages = {S266--S269},
  author = {K. R. Willmott and J. Mallet},
  title = {{Correlations between adult mimicry and larval host plants in ithomiine butterflies}},
  journal = {Proceedings of the Royal Society B: Biological Sciences},
}


@article{brown2002,
  title = {{Butterfly communities of urban forest fragments in Campinas, S{\~a}o Paulo, Brazil: structure, instability, environmental correlates, and conservation}},
  author = {Brown Jr, Keith S and Freitas, Andr{\'e} Victor L},
  journal = {Journal of Insect Conservation},
  volume = {6},
  number = {4},
  pages = {217--231},
  year = {2002},
  publisher = {Springer},
}


@article{Pinheiro_2008,
  doi = {10.1590/s0085-56262008000400012},
  url = {http://dx.doi.org/10.1590/s0085-56262008000400012},
  year = {2008},
  publisher = {{FapUNIFESP} ({SciELO})},
  volume = {52},
  number = {4},
  pages = {610--614},
  author = {Carlos E. G. Pinheiro and {\'{I}}sis Meri Medri and Ana Karina Moreyra Salcedo},
  title = {{Why do the ithomiines (Lepidoptera Nymphalidae) aggregate? Notes on a butterfly pocket in central Brazil}},
  journal = {Rev. Bras. entomol.},
}


@article{dorazio2005,
  title = {{Estimating size and composition of biological communities by modeling the occurrence of species}},
  author = {Dorazio, Robert M and Royle, J Andrew},
  journal = {Journal of the American Statistical Association},
  volume = {100},
  number = {470},
  pages = {389--398},
  year = {2005},
  publisher = {Taylor \& Francis},
}


@article{dorazio2006,
  title = {{Estimating species richness and accumulation by modeling species occurrence and detectability}},
  author = {Dorazio, Robert M and Royle, J Andrew and S{\"o}derstr{\"o}m, Bo and Glimsk{\"a}r, Anders},
  journal = {Ecology},
  volume = {87},
  number = {4},
  pages = {842--854},
  year = {2006},
  publisher = {Eco Soc America},
}
