@article{Brower_2014,
  doi = {10.1080/14772000.2014.899650},
  url = {http://dx.doi.org/10.1080/14772000.2014.899650},
  year = {2014},
  month = {mar},
  publisher = {Informa {UK} Limited},
  volume = {12},
  number = {2},
  pages = {133--147},
  author = {Andrew V. Z. Brower and Keith R. Willmott and Karina L. Silva-Brand{\~{a}}o and Ivonne J. Garz{\'{o}}n-Ordu{\~{n}}a and Andr{\'{e}} V. L. Freitas},
  title = {{Phylogenetic relationships of ithomiine butterflies (Lepidoptera: Nymphalidae: Danainae) as implied by combined morphological and molecular data}},
  journal = {Systematics and Biodiversity},
}
